@article{scikit-learn,
 title={Scikit-learn: Machine Learning in {P}ython},
 author={Pedregosa, F. and Varoquaux, G. and Gramfort, A. and Michel, V.
         and Thirion, B. and Grisel, O. and Blondel, M. and Prettenhofer, P.
         and Weiss, R. and Dubourg, V. and Vanderplas, J. and Passos, A. and
         Cournapeau, D. and Brucher, M. and Perrot, M. and Duchesnay, E.},
 journal={Journal of Machine Learning Research},
 volume={12},
 pages={2825--2830},
 year={2011}
}

@article{twitterStockMarketPrediction,
  author    = {Johan Bollen and
               Huina Mao and
               Xiao{-}Jun Zeng},
  title     = {Twitter mood predicts the stock market},
  journal   = {CoRR},
  year      = {2010},
  volume    = {abs/1010.3003},
  url       = {http://arxiv.org/abs/1010.3003},
  timestamp = {Thu, 09 Oct 2014 22:54:01 +0200},
  biburl    = {http://dblp.uni-trier.de/rec/bib/journals/corr/abs-1010-3003},
  bibsource = {dblp computer science bibliography, http://dblp.org}
}


@article{ANEW,
  author    = {Finn {\AA}rup Nielsen},
  title     = {A new {ANEW:} Evaluation of a word list for sentiment analysis in
               microblogs},
  journal   = {CoRR},
  year      = {2011},
  volume    = {abs/1103.2903},
  url       = {http://arxiv.org/abs/1103.2903},
  timestamp = {Thu, 09 Oct 2014 23:16:46 +0200},
  biburl    = {http://dblp.uni-trier.de/rec/bib/journals/corr/abs-1103-2903},
  bibsource = {dblp computer science bibliography, http://dblp.org}
}
