@article{scikit-learn,
 title={Scikit-learn: Machine Learning in {P}ython},
 author={Pedregosa, F. and Varoquaux, G. and Gramfort, A. and Michel, V.
         and Thirion, B. and Grisel, O. and Blondel, M. and Prettenhofer, P.
         and Weiss, R. and Dubourg, V. and Vanderplas, J. and Passos, A. and
         Cournapeau, D. and Brucher, M. and Perrot, M. and Duchesnay, E.},
 journal={Journal of Machine Learning Research},
 volume={12},
 pages={2825--2830},
 year={2011}
}

@article{twitterStockMarketPrediction,
  author    = {Johan Bollen and
               Huina Mao and
               Xiao{-}Jun Zeng},
  title     = {Twitter mood predicts the stock market},
  journal   = {CoRR},
  year      = {2010},
  volume    = {abs/1010.3003},
  url       = {http://arxiv.org/abs/1010.3003},
  timestamp = {Thu, 09 Oct 2014 22:54:01 +0200},
  biburl    = {http://dblp.uni-trier.de/rec/bib/journals/corr/abs-1010-3003},
  bibsource = {dblp computer science bibliography, http://dblp.org}
}


@article{ANEW,
  author    = {Finn {\AA}rup Nielsen},
  title     = {A new {ANEW:} Evaluation of a word list for sentiment analysis in
               microblogs},
  journal   = {CoRR},
  year      = {2011},
  volume    = {abs/1103.2903},
  url       = {http://arxiv.org/abs/1103.2903},
  timestamp = {Thu, 09 Oct 2014 23:16:46 +0200},
  biburl    = {http://dblp.uni-trier.de/rec/bib/journals/corr/abs-1103-2903},
  bibsource = {dblp computer science bibliography, http://dblp.org}
}

@ONLINE{twitterIPO,
  author = {Twitter, Inc.},
  title = {Twitter IPO Prospectus},
  month = jun,
  year = {2013},
  url = {http://www.sec.gov/Archives/edgar/data/1418091/000119312513390321/d564001ds1.htm#toc564001_1}
}

@ONLINE{twitterInvestorReport,
  author = {Twitter, Inc.},
  title = {Twitter 2014 Q1 investor report},
  month = mar,
  year = {2014},
  url = {https://investor.twitterinc.com/releasedetail.cfm?ReleaseID=843245}
}

@ONLINE{tweepy,
  author = {Tweepy.com},
  title = {Tweepy},
  year = {2014},
  url = {https://github.com/tweepy/tweepy}
}

@book{MATLAB:2014,
  year = {2014},
  author = {MATLAB},
  title = {version 8.4 (R2014b)},
  publisher = {The MathWorks Inc.},
  address = {Natick, Massachusetts}
}

@article{Csardi2006,
  added-at = {2011-03-14T01:02:14.000+0100},
  author = {Cs\'{a}rdi, G. and Nepusz, T.},
  biburl =
  {http://www.bibsonomy.org/bibtex/252e3e774bac8424cc9a3845a9c597344/lantiq},
  file = {full paper:Csardi2006.pdf:PDF},
  groups = {public},
  interhash = {bb49a4a77b42229a427fec316e9fe515},
  intrahash = {52e3e774bac8424cc9a3845a9c597344},
  journal = {InterJournal Complex Systems},
  keywords = {networks graphs},
  pages = 1695,
  timestamp = {2011-03-14T01:02:14.000+0100},
  title = {The igraph software package for complex
	network research},
  username = {lantiq},
  year = 2006
}
@inproceedings{statsmodels2010,
  title={Statsmodels: Econometric and Statistical Modeling with Python},
  author={Seabold, J.S. and Perktold, J.},
  booktitle={Proceedings of the 9th Python in Science Conference},
  year={2010}
}

@inproceedings{rehurek_lrec,
  title = {{Software Framework for Topic Modelling with Large Corpora}},
  author = {Radim {\v R}eh{\r u}{\v r}ek and Petr Sojka},
  booktitle = {{Proceedings of the LREC 2010 Workshop on New
    Challenges for NLP Frameworks}},
  pages = {45--50},
  year = 2010,
  month = May,
  day = 22,
  publisher = {ELRA},
  address = {Valletta,
    Malta},
  note={\url{http://is.muni.cz/publication/884893/en}},
  language={English}
}

@Article{Hunter:2007,
  Author    = {Hunter, J. D.},
  Title     = {Matplotlib: A 2D graphics environment},
  Journal   = {Computing In Science \& Engineering},
  Volume    = {9},
  Number    = {3},
  Pages     = {90--95},
  abstract  = {Matplotlib is a 2D graphics package used for
    Python
      for application development, interactive scripting, and
        publication-quality image generation across user
          interfaces and operating systems.},
  publisher = {IEEE COMPUTER SOC},
  year      = 2007
}

@article{lsipaper,
  title={An introduction to latent semantic analysis},
  author={Landauer, Thomas K and Foltz, Peter W and Laham, Darrell},
  journal={Discourse processes},
  volume={25},
  number={2-3},
  pages={259--284},
  year={1998},
  publisher={Taylor \& Francis}
}

